<record><leader>00000cas a2200000 a 4500</leader><controlfield tag="001">11208141</controlfield><controlfield tag="008">840928d19281952ksuwr ne      0   a0eng d</controlfield><controlfield tag="009">3789</controlfield><datafield ind1=" " ind2=" " tag="010"><subfield code="a">sn 84029301 </subfield></datafield><datafield ind1=" " ind2=" " tag="040"><subfield code="a">KSH</subfield><subfield code="b">eng</subfield><subfield code="c">KSH</subfield><subfield code="d">NPT</subfield><subfield code="d">OCL</subfield></datafield><datafield ind1=" " ind2=" " tag="042"><subfield code="a">msc</subfield></datafield><datafield ind1="0" ind2="4" tag="245"><subfield code="a">The Grenola gazette.</subfield></datafield><datafield ind1=" " ind2=" " tag="260"><subfield code="a">Grenola, Kan. :</subfield><subfield code="b">J.E. Dancy,</subfield><subfield code="c">1928-1952.</subfield></datafield><datafield ind1=" " ind2=" " tag="300"><subfield code="a">22 v. :</subfield><subfield code="b">ill. ;</subfield><subfield code="c">54-60 cm.</subfield></datafield><datafield ind1=" " ind2=" " tag="310"><subfield code="a">Weekly</subfield></datafield><datafield ind1="0" ind2=" " tag="362"><subfield code="a">Vol. 20, no. 30 (Aug. 2, 1928)-v. 42, no. 42 (Oct. 16, 1952).</subfield></datafield><datafield ind1=" " ind2=" " tag="500"><subfield code="a">Publisher varies.</subfield></datafield><datafield ind1=" " ind2=" " tag="515"><subfield code="a">Issue for Aug. 2, 1928 and Aug. 2, 1928 issue of Grenola leader both numbered v. 20, no. 30.</subfield></datafield><datafield ind1=" " ind2=" " tag="752"><subfield code="a">United States</subfield><subfield code="b">Kansas</subfield><subfield code="c">Elk</subfield><subfield code="d">Grenola.</subfield></datafield><datafield ind1="0" ind2="0" tag="780"><subfield code="t">Grenola leader</subfield><subfield code="w">(DLC)sn 84029290</subfield></datafield></record>